<record><leader>00000cas a22000007a 4500</leader><controlfield tag="001">13913080</controlfield><controlfield tag="008">860722d18941947txuwr ne      0    0eng d</controlfield><datafield ind1=" " ind2=" " tag="010"><subfield code="a">sn 86088277 </subfield></datafield><datafield ind1=" " ind2=" " tag="040"><subfield code="a">PPM</subfield><subfield code="b">eng</subfield><subfield code="c">PPM</subfield><subfield code="d">OCLCQ</subfield></datafield><datafield ind1="0" ind2=" " tag="130"><subfield code="a">Alice echo (Alice, Tex. : 1894)</subfield></datafield><datafield ind1="1" ind2="4" tag="245"><subfield code="a">The Alice echo.</subfield></datafield><datafield ind1=" " ind2=" " tag="260"><subfield code="a">Alice, Tex. :</subfield><subfield code="b">D.S. Booth</subfield></datafield><datafield ind1=" " ind2=" " tag="300"><subfield code="a">54 v. :</subfield><subfield code="b">ill. ;</subfield><subfield code="c">55 cm.</subfield></datafield><datafield ind1="1" ind2=" " tag="362"><subfield code="a">Began with Dec. 13, 1894 issue.</subfield></datafield><datafield ind1="0" ind2=" " tag="362"><subfield code="a">-v. 54, no. 17, (Nov. 27,1947).</subfield></datafield><datafield ind1=" " ind2=" " tag="588"><subfield code="a">Description based on: Vol. 5, no. 49 (Oct. 20, 1898).</subfield></datafield><datafield ind1=" " ind2=" " tag="752"><subfield code="a">United States</subfield><subfield code="b">Texas</subfield><subfield code="c">Nueces</subfield><subfield code="d">Alice.</subfield></datafield><datafield ind1="0" ind2="0" tag="785"><subfield code="t">Alice daily echo</subfield><subfield code="w">(DLC)sn 86088393</subfield></datafield></record>